@InProceedings{Dusmanu2020Multi,
    author = {Dusmanu, Mihai and Sch\"onberger, Johannes L. and Pollefeys, Marc},
    title = {{Multi-View Optimization of Local Feature Geometry}},
    booktitle = {Proceedings of the European Conference on Computer Vision},
    year = {2020},
}

@inproceedings{lindenberger2021pixsfm,
  author    = {Philipp Lindenberger and
               Paul-Edouard Sarlin and
               Viktor Larsson and
               Marc Pollefeys},
  title     = {{Pixel-Perfect Structure-from-Motion with Featuremetric Refinement}},
  booktitle = {ICCV},
  year      = {2021},
}

@article{wang2021deep,
  title={Deep Two-View Structure-from-Motion Revisited},
  author={Wang, Jianyuan and Zhong, Yiran and Dai, Yuchao and Birchfield, Stan and Zhang, Kaihao and Smolyanskiy, Nikolai and Li, Hongdong},
  journal={CVPR},
  year={2021}
}

@article{wang2020displacement,
  title={Displacement-Invariant Matching Cost Learning for Accurate Optical Flow Estimation},
  author={Wang, Jianyuan and Zhong, Yiran and Dai, Yuchao and Zhang, Kaihao and Ji, Pan and Li, Hongdong},
  journal={Advances in Neural Information Processing Systems},
  volume={33},
  year={2020}
}

@misc{tang2019banet,
      title={BA-Net: Dense Bundle Adjustment Network},
      author={Chengzhou Tang and Ping Tan},
      year={2019},
      eprint={1806.04807},
      archivePrefix={arXiv},
      primaryClass={cs.CV}
}

@inproceedings{LSDSLAM,
author = {Engel, Jakob and Schoeps, Thomas and Cremers, Daniel},
year = {2014},
month = {09},
pages = {1-16},
title = {LSD-SLAM: large-scale direct monocular SLAM},
volume = {8690},
isbn = {978-3-319-10604-5},
journal = {Eur. Conf. Comput. Vis.},
doi = {10.1007/978-3-319-10605-2_54}
}

@misc{yu2017dilated,
      title={Dilated Residual Networks},
      author={Fisher Yu and Vladlen Koltun and Thomas Funkhouser},
      year={2017},
      eprint={1705.09914},
      archivePrefix={arXiv},
      primaryClass={cs.CV}
}

@misc{tateno2017cnnslam,
      title={CNN-SLAM: Real-time dense monocular SLAM with learned depth prediction},
      author={Keisuke Tateno and Federico Tombari and Iro Laina and Nassir Navab},
      year={2017},
      eprint={1704.03489},
      archivePrefix={arXiv},
      primaryClass={cs.CV}
}

@misc{yang2018deep,
      title={Deep Virtual Stereo Odometry: Leveraging Deep Depth Prediction for Monocular Direct Sparse Odometry},
      author={Nan Yang and Rui Wang and Jörg Stückler and Daniel Cremers},
      year={2018},
      eprint={1807.02570},
      archivePrefix={arXiv},
      primaryClass={cs.CV}
}
